@article{cates2015motility,
  title={Motility-induced phase separation},
  author={Cates, Michael E and Tailleur, Julien},
  journal={Annu. Rev. Condens. Matter Phys.},
  volume={6},
  number={1},
  pages={219--244},
  year={2015},
  publisher={Annual Reviews}
}

@article{marchetti2013hydrodynamics,
  title={Hydrodynamics of soft active matter},
  author={Marchetti, M Cristina and Joanny, Jean-Fran{\c{c}}ois and Ramaswamy, Sriram and Liverpool, Tanniemola B and Prost, Jacques and Rao, Madan and Simha, R Aditi},
  journal={Reviews of Modern Physics},
  volume={85},
  number={3},
  pages={1143},
  year={2013},
  publisher={APS}
}

@article{vicsek1995novel,
  title={Novel type of phase transition in a system of self-driven particles},
  author={Vicsek, Tam{\'a}s and Czir{\'o}k, Andr{\'a}s and Ben-Jacob, Eshel and Cohen, Inon and Shochet, Ofer},
  journal={Physical review letters},
  volume={75},
  number={6},
  pages={1226},
  year={1995},
  publisher={APS}
}

@article{howse2007self,
  title={Self-motile colloidal particles: from directed propulsion to random walk},
  author={Howse, Jonathan R and Jones, Richard AL and Ryan, Anthony J and Gough, Tim and Vafabakhsh, Reza and Golestanian, Ramin},
  journal={Physical review letters},
  volume={99},
  number={4},
  pages={048102},
  year={2007},
  publisher={APS}
}

@article{levis2014clustering,
  title={Clustering and heterogeneous dynamics in a kinetic Monte Carlo model of self-propelled hard disks},
  author={Levis, Demian and Berthier, Ludovic},
  journal={Physical Review E},
  volume={89},
  number={6},
  pages={062301},
  year={2014},
  publisher={APS}
}

@article{szabo2006phase,
  title={Phase transition in the collective migration of tissue cells: experiment and model},
  author={Szabo, Balint and Sz{\"o}ll{\"o}si, GJ and G{\"o}nci, B and Jur{\'a}nyi, Zs and Selmeczi, David and Vicsek, Tam{\'a}s},
  journal={Physical Review E},
  volume={74},
  number={6},
  pages={061908},
  year={2006},
  publisher={APS}
}

@article{dombrowski2004self,
  title={Self-concentration and large-scale coherence in bacterial dynamics},
  author={Dombrowski, Christopher and Cisneros, Luis and Chatkaew, Sunita and Goldstein, Raymond E and Kessler, John O},
  journal={Physical review letters},
  volume={93},
  number={9},
  pages={098103},
  year={2004},
  publisher={APS}
}

@article{angelini2011glass,
  title={Glass-like dynamics of collective cell migration},
  author={Angelini, Thomas E and Hannezo, Edouard and Trepat, Xavier and Marquez, Manuel and Fredberg, Jeffrey J and Weitz, David A},
  journal={Proceedings of the National Academy of Sciences},
  volume={108},
  number={12},
  pages={4714--4719},
  year={2011},
  publisher={National Acad Sciences}
}

@article{haga2005collective,
  title={Collective movement of epithelial cells on a collagen gel substrate},
  author={Haga, Hisashi and Irahara, Chikako and Kobayashi, Ryo and Nakagaki, Toshiyuki and Kawabata, Kazushige},
  journal={Biophysical journal},
  volume={88},
  number={3},
  pages={2250--2256},
  year={2005},
  publisher={Elsevier}
}

@article{cavagna2014bird,
  title={Bird flocks as condensed matter},
  author={Cavagna, Andrea and Giardina, Irene},
  journal={Annu. Rev. Condens. Matter Phys.},
  volume={5},
  number={1},
  pages={183--207},
  year={2014},
  publisher={Annual Reviews}
}

@article{calovi2014swarming,
  title={Swarming, schooling, milling: phase diagram of a data-driven fish school model},
  author={Calovi, Daniel S and Lopez, Ugo and Ngo, Sandrine and Sire, Cl{\'e}ment and Chat{\'e}, Hugues and Theraulaz, Guy},
  journal={New journal of Physics},
  volume={16},
  number={1},
  pages={015026},
  year={2014},
  publisher={IOP Publishing}
}

@article{friedl2009collective,
  title={Collective cell migration in morphogenesis, regeneration and cancer},
  author={Friedl, Peter and Gilmour, Darren},
  journal={Nature reviews Molecular cell biology},
  volume={10},
  number={7},
  pages={445},
  year={2009},
  publisher={Nature Publishing Group}
}

@article{garcia2015physics,
  title={Physics of active jamming during collective cellular motion in a monolayer},
  author={Garcia, Simon and Hannezo, Edouard and Elgeti, Jens and Joanny, Jean-Fran{\c{c}}ois and Silberzan, Pascal and Gov, Nir S},
  journal={Proceedings of the National Academy of Sciences},
  volume={112},
  number={50},
  pages={15314--15319},
  year={2015},
  publisher={National Acad Sciences}
}

@article{theurkauff2012dynamic,
  title={Dynamic clustering in active colloidal suspensions with chemical signaling},
  author={Theurkauff, I and Cottin-Bizonne, C and Palacci, J and Ybert, C and Bocquet, L},
  journal={Physical review letters},
  volume={108},
  number={26},
  pages={268303},
  year={2012},
  publisher={APS}
}

@article{fily2014freezing,
  title={Freezing and phase separation of self-propelled disks},
  author={Fily, Yaouen and Henkes, Silke and Marchetti, M Cristina},
  journal={Soft matter},
  volume={10},
  number={13},
  pages={2132--2140},
  year={2014},
  publisher={Royal Society of Chemistry}
}

@article{wysocki2014cooperative,
  title={Cooperative motion of active Brownian spheres in three-dimensional dense suspensions},
  author={Wysocki, Adam and Winkler, Roland G and Gompper, Gerhard},
  journal={EPL (Europhysics Letters)},
  volume={105},
  number={4},
  pages={48004},
  year={2014},
  publisher={IOP Publishing}
}

@article{popkin2016physics,
  title={The physics of life},
  author={Popkin, Gabriel},
  journal={Nature News},
  volume={529},
  number={7584},
  pages={16},
  year={2016}
}

@article{fily2012athermal,
  title={Athermal phase separation of self-propelled particles with no alignment},
  author={Fily, Yaouen and Marchetti, M Cristina},
  journal={Physical review letters},
  volume={108},
  number={23},
  pages={235702},
  year={2012},
  publisher={APS}
}

@article{romanczuk2012active,
  title={Active brownian particles},
  author={Romanczuk, Pawel and B{\"a}r, Markus and Ebeling, Werner and Lindner, Benjamin and Schimansky-Geier, Lutz},
  journal={The European Physical Journal Special Topics},
  volume={202},
  number={1},
  pages={1--162},
  year={2012},
  publisher={Springer}
}

@article{buttinoni2013dynamical,
  title={Dynamical clustering and phase separation in suspensions of self-propelled colloidal particles},
  author={Buttinoni, Ivo and Bialk{\'e}, Julian and K{\"u}mmel, Felix and L{\"o}wen, Hartmut and Bechinger, Clemens and Speck, Thomas},
  journal={Physical review letters},
  volume={110},
  number={23},
  pages={238301},
  year={2013},
  publisher={APS}
}

@article{bialke2015active,
  title={Active colloidal suspensions: Clustering and phase behavior},
  author={Bialk{\'e}, Julian and Speck, Thomas and L{\"o}wen, Hartmut},
  journal={Journal of Non-Crystalline Solids},
  volume={407},
  pages={367--375},
  year={2015},
  publisher={Elsevier}
}

@article{anderson2008general,
  title={General purpose molecular dynamics simulations fully implemented on graphics processing units},
  author={Anderson, Joshua A and Lorenz, Chris D and Travesset, Alex},
  journal={Journal of Computational Physics},
  volume={227},
  number={10},
  pages={5342--5359},
  year={2008},
  publisher={Elsevier}
}

@article{glaser2015strong,
  title={Strong scaling of general-purpose molecular dynamics simulations on GPUs},
  author={Glaser, Jens and Nguyen, Trung Dac and Anderson, Joshua A and Lui, Pak and Spiga, Filippo and Millan, Jaime A and Morse, David C and Glotzer, Sharon C},
  journal={Computer Physics Communications},
  volume={192},
  pages={97--107},
  year={2015},
  publisher={Elsevier}
}

@article{phillips2011pseudo,
  title={Pseudo-random number generation for Brownian Dynamics and Dissipative Particle Dynamics simulations on GPU devices},
  author={Phillips, Carolyn L and Anderson, Joshua A and Glotzer, Sharon C},
  journal={Journal of Computational Physics},
  volume={230},
  number={19},
  pages={7191--7201},
  year={2011},
  publisher={Elsevier}
}

@online{hoomd,
  author = {{Glotzer lab, University of Michigan}},
  title = {{HOOMD-blue}},
  url = {http://glotzerlab.engin.umich.edu/hoomd-blue/},
  urldate = {2018-08-25}
}

@article{bitzek2006structural,
  title={Structural relaxation made simple},
  author={Bitzek, Erik and Koskinen, Pekka and G{\"a}hler, Franz and Moseler, Michael and Gumbsch, Peter},
  journal={Physical review letters},
  volume={97},
  number={17},
  pages={170201},
  year={2006},
  publisher={APS}
}

@article{redner2013structure,
  title={Structure and dynamics of a phase-separating active colloidal fluid},
  author={Redner, Gabriel S and Hagan, Michael F and Baskaran, Aparna},
  journal={Physical review letters},
  volume={110},
  number={5},
  pages={055701},
  year={2013},
  publisher={APS}
}

@article{bialke2013microscopic,
  title={Microscopic theory for the phase separation of self-propelled repulsive disks},
  author={Bialk{\'e}, Julian and L{\"o}wen, Hartmut and Speck, Thomas},
  journal={EPL (Europhysics Letters)},
  volume={103},
  number={3},
  pages={30008},
  year={2013},
  publisher={IOP Publishing}
}

@inbook{binder2011glassy,
  title={Glassy materials and disordered solids: An introduction to their statistical mechanics},
  author={Binder, Kurt and Kob, Walter},
  year={2011},
  publisher={World scientific},
  chapter={5.3.5}
}

@inbook{binder2011glassy21,
  title={Glassy materials and disordered solids: An introduction to their statistical mechanics},
  author={Binder, Kurt and Kob, Walter},
  year={2011},
  publisher={World scientific},
  chapter={2.1}
}

@article{durian1995foam,
  title={Foam mechanics at the bubble scale},
  author={Durian, Douglas J},
  journal={Physical review letters},
  volume={75},
  number={26},
  pages={4780},
  year={1995},
  publisher={APS}
}

@article{o2003jamming,
  title={Jamming at zero temperature and zero applied stress: The epitome of disorder},
  author={Oâ€™hern, Corey S and Silbert, Leonardo E and Liu, Andrea J and Nagel, Sidney R},
  journal={Physical Review E},
  volume={68},
  number={1},
  pages={011306},
  year={2003},
  publisher={APS}
}

@article{olsson2007critical,
  title={Critical scaling of shear viscosity at the jamming transition},
  author={Olsson, Peter and Teitel, Stephen},
  journal={Physical review letters},
  volume={99},
  number={17},
  pages={178001},
  year={2007},
  publisher={APS}
}

@article{weeks2007short,
  title={Short-and long-range correlated motion observed in colloidal glasses and liquids},
  author={Weeks, Eric R and Crocker, John C and Weitz, David A},
  journal={Journal of Physics: Condensed Matter},
  volume={19},
  number={20},
  pages={205131},
  year={2007},
  publisher={IOP Publishing}
}

@article{doliwa2000cooperativity,
  title={Cooperativity and spatial correlations near the glass transition: Computer simulation results for hard spheres and disks},
  author={Doliwa, Burkhard and Heuer, Andreas},
  journal={Physical Review E},
  volume={61},
  number={6},
  pages={6898},
  year={2000},
  publisher={APS}
}

@article{berthier2011dynamic,
  title={Dynamic heterogeneity in amorphous materials},
  author={Berthier, L},
  journal={Physics},
  volume={4},
  pages={42},
  year={2011},
  publisher={APS}
}

@article{cavagna2009supercooled,
  title={Supercooled liquids for pedestrians},
  author={Cavagna, Andrea},
  journal={Physics Reports},
  volume={476},
  number={4-6},
  pages={51--124},
  year={2009},
  publisher={Elsevier}
}

@article{courtland2002direct,
  title={Direct visualization of ageing in colloidal glasses},
  author={Courtland, Rachel E and Weeks, Eric R},
  journal={Journal of Physics: Condensed Matter},
  volume={15},
  number={1},
  pages={S359},
  year={2002},
  publisher={IOP Publishing}
}

@article{vasisht2018rate,
  title={Rate Dependence of Elementary Rearrangements and Spatiotemporal Correlations in the 3D Flow of Soft Solids},
  author={Vasisht, Vishwas V and Dutta, Sudeep K and Del Gado, Emanuela and Blair, Daniel L},
  journal={Physical review letters},
  volume={120},
  number={1},
  pages={018001},
  year={2018},
  publisher={APS}
}

@online{stackexchange,
	title = {Shear strain correlations from displacement Fourier transform, {Physics StackExchange}, \url{https://physics.stackexchange.com/questions/412823}},
	date = {2018},
	organization = {StackExchange},
	author = {yketa}
}

@inbook{landau1986theory,
  title={Theory of Elasticity, vol. 7},
  author={Landau, Lev D and Lifshitz, EM},
  journal={Course of Theoretical Physics},
  volume={3},
  pages={109},
  year={1986},
  publisher={Elsevier, New York},
  chapter={1}
}

@article{falk1998dynamics,
  title={Dynamics of viscoplastic deformation in amorphous solids},
  author={Falk, Michael L and Langer, James S},
  journal={Physical Review E},
  volume={57},
  number={6},
  pages={7192},
  year={1998},
  publisher={APS}
}

@article{nicolas2014spatiotemporal,
  title={Spatiotemporal correlations between plastic events in the shear flow of athermal amorphous solids},
  author={Nicolas, Alexandre and Rottler, Joerg and Barrat, Jean-Louis},
  journal={The European Physical Journal E},
  volume={37},
  number={6},
  pages={50},
  year={2014},
  publisher={Springer}
}

@article{illing2016strain,
  title={Strain pattern in supercooled liquids},
  author={Illing, Bernd and Fritschi, Sebastian and Hajnal, David and Klix, Christian and Keim, Peter and Fuchs, Matthias},
  journal={Physical review letters},
  volume={117},
  number={20},
  pages={208002},
  year={2016},
  publisher={APS}
}

@article{dyre2006colloquium,
  title={Colloquium: The glass transition and elastic models of glass-forming liquids},
  author={Dyre, Jeppe C},
  journal={Reviews of modern physics},
  volume={78},
  number={3},
  pages={953},
  year={2006},
  publisher={APS}
}

@article{chattoraj2013elastic,
  title={Elastic signature of flow events in supercooled liquids under shear},
  author={Chattoraj, Joyjit and Lemaitre, Anael},
  journal={Physical review letters},
  volume={111},
  number={6},
  pages={066001},
  year={2013},
  publisher={APS}
}

@article{goldhirsch2002microscopic,
  title={On the microscopic foundations of elasticity},
  author={Goldhirsch, I and Goldenberg, C},
  journal={The European Physical Journal E},
  volume={9},
  number={3},
  pages={245--251},
  year={2002},
  publisher={Springer}
}
