@article{cates2015motility,
  title={Motility-induced phase separation},
  author={Cates, Michael E and Tailleur, Julien},
  journal={Annu. Rev. Condens. Matter Phys.},
  volume={6},
  number={1},
  pages={219--244},
  year={2015},
  publisher={Annual Reviews}
}

@article{marchetti2013hydrodynamics,
  title={Hydrodynamics of soft active matter},
  author={Marchetti, M Cristina and Joanny, Jean-Fran{\c{c}}ois and Ramaswamy, Sriram and Liverpool, Tanniemola B and Prost, Jacques and Rao, Madan and Simha, R Aditi},
  journal={Reviews of Modern Physics},
  volume={85},
  number={3},
  pages={1143},
  year={2013},
  publisher={APS}
}

@article{fily2014freezing,
  title={Freezing and phase separation of self-propelled disks},
  author={Fily, Yaouen and Henkes, Silke and Marchetti, M Cristina},
  journal={Soft matter},
  volume={10},
  number={13},
  pages={2132--2140},
  year={2014},
  publisher={Royal Society of Chemistry}
}

@article{wysocki2014cooperative,
  title={Cooperative motion of active Brownian spheres in three-dimensional dense suspensions},
  author={Wysocki, Adam and Winkler, Roland G and Gompper, Gerhard},
  journal={EPL (Europhysics Letters)},
  volume={105},
  number={4},
  pages={48004},
  year={2014},
  publisher={IOP Publishing}
}

@article{doliwa2000cooperativity,
  title={Cooperativity and spatial correlations near the glass transition: Computer simulation results for hard spheres and disks},
  author={Doliwa, Burkhard and Heuer, Andreas},
  journal={Physical Review E},
  volume={61},
  number={6},
  pages={6898},
  year={2000},
  publisher={APS}
}

@article{vasisht2018rate,
  title={Rate Dependence of Elementary Rearrangements and Spatiotemporal Correlations in the 3D Flow of Soft Solids},
  author={Vasisht, Vishwas V and Dutta, Sudeep K and Del Gado, Emanuela and Blair, Daniel L},
  journal={Physical review letters},
  volume={120},
  number={1},
  pages={018001},
  year={2018},
  publisher={APS}
}

@article{weeks2007short,
  title={Short-and long-range correlated motion observed in colloidal glasses and liquids},
  author={Weeks, Eric R and Crocker, John C and Weitz, David A},
  journal={Journal of Physics: Condensed Matter},
  volume={19},
  number={20},
  pages={205131},
  year={2007},
  publisher={IOP Publishing}
}

@article{illing2016strain,
  title={Strain pattern in supercooled liquids},
  author={Illing, Bernd and Fritschi, Sebastian and Hajnal, David and Klix, Christian and Keim, Peter and Fuchs, Matthias},
  journal={Physical review letters},
  volume={117},
  number={20},
  pages={208002},
  year={2016},
  publisher={APS}
}

@article{leonforte2005continuum,
  title={Continuum limit of amorphous elastic bodies. iii. three-dimensional systems},
  author={Leonforte, F and Boissiere, R and Tanguy, Arnaud and Wittmer, JP and Barrat, J-L},
  journal={Physical Review B},
  volume={72},
  number={22},
  pages={224206},
  year={2005},
  publisher={APS}
}
