../../presentation_7_30_18/references/biblio.bib